<?xml version="1.0" encoding="UTF-8"?><collection xmlns="http://www.loc.gov/MARC21/slim"><record><leader>00464nam--2200157-u-4500</leader><controlfield tag="001">000051004</controlfield><controlfield tag="002">20161230</controlfield><controlfield tag="005">20161230201049</controlfield><controlfield tag="008">080508s1000------------r-----000-0-eng-d</controlfield><datafield ind1="1" ind2=" " tag="100"><subfield code="a">Grandet, Marthe, nee Hugot</subfield></datafield><datafield ind1="1" ind2=" " tag="245"><subfield code="a">Enssembles fermes d'entiers algebriques. Propositions donnes par la Faculte</subfield></datafield><datafield ind1=" " ind2=" " tag="260"><subfield code="a">Paris</subfield><subfield code="b">Gauthier-Villars et Cie</subfield><subfield code="c">1965</subfield></datafield><datafield ind1=" " ind2=" " tag="300"><subfield code="a">35 p</subfield></datafield><datafield ind1="1" ind2=" " tag="700"><subfield code="a">Marthe Grandet nee Hugot</subfield></datafield><datafield ind1=" " ind2=" " tag="852"><subfield code="a">22772</subfield><subfield code="c">512</subfield></datafield><datafield ind1=" " ind2=" " tag="CAT"><subfield code="a">Sys</subfield><subfield code="c">20080508</subfield><subfield code="h">121842</subfield></datafield></record></collection>